
@book{Abadal2014,
	author = {Gabriel Abadal  Berini and Giorgos  Fagas and Luca  Gammaitoni and Douglas  Paul},
	title = {ICT -- Energy -- Concepts Towards Zero-Power Information and Communication Technology},
	year = {2014},
	publisher = {InTech}
}

@inbook{Andersen2009Overview,
	title = "Overview of antenna problems and solutions for multi-Gb/s links",
	publisher = "IEEE",
	author = "Andersen, {Jørgen Bach} and Pedersen, {Gert Frølund}",
	year = "2009",
	doi = "10.1109/EW.2009.5357759",
	isbn = "978-1-4244-2353-8",
	pages = "63-66",
	booktitle = "15th European Wireless Conference 2009, EW 2009"
}

@article{Hagerty2004,
	author = {Hagerty, J. A. and Hagerty, F. B. and Helmbrecht, W. H. and McCalpin, R. and Zane, Z. B.},
	title = {Recycling Ambient Microwave Energy With Broad-Band Rectenna Arrays},
	language = {English},
	year = {2004},
	issn = {0018-9480},
	volume = {52},
	pages = {1014--1024},
	doi = {10.1109/TMTT.2004.823585}
}

@article{Hourani,
	author = {Hafeth Hourani},
	title = {An Overview of Diversity Techniques in Wireless Communication Systems},
	language = {English},
	year = {2004/2005}
}

@article{Marcus2005,
	author = {Marcus, M. and Marcus, B.},
	title = {Millimeter wave propagation: spectrum management implications},
	year = {2005},
	volume = {6},
	pages = {54--62}
}

@article{Rappaport2013,
	author = {Rappaport, Theodore S. and Rappaport, R. and Shu Sun, Y. and Mayzus, K. and Hang-Zhao, G. N. and Azar, J. K. and Wang, M. and Wong, F. and Samimi and Gutierrez},
	title = {Millimeter Wave Mobile Communications for 5G Cellular: It Will Work!},
	language = {English},
	year = {2013},
	issn = {2169-3536},
	volume = {1},
	pages = {335--349},
	doi = {10.1109/ACCESS.2013.2260813}
}

@article{Weissteinlognormal,
	author = "Weisstein, Eric W",
	title = "Log-normal distribution",
	publisher = "MathWorld--A Wolfram Web Resource",
	url = {\url{http://mathworld.wolfram.com/LogNormalDistribution.html}}
}

@article{Wells2009,
	author = {Wells, Jonathan},
	title = {Faster than fiber: The future of multi-G/s wireless},
	year = {2009},
	volume = {10},
	pages = {104--112}
}

@article{aoa1997Spencer,
	title = "A Statistical Model for Angle of Arrival in Indoor Multipath Propagation ",
	publisher = "IEEE -- Vehicular Technology Conference",
	author = "Quentin Spencer and Michael Rice and Brian Jeffs and Michael Jensen ",
	url = {\url{http://ieeexplore.ieee.org/stamp/stamp.jsp?tp=&arnumber=605467&tag=1}},
	year = "1997",
	volume = "3",
	pages = "1415-1419",
	issn = "0-7803-3659-3 "
}

@article{array1998ertel,
	title = {Overview of Spatial Channel Models for Antenna Array Communication Systems},
	publisher = "IEEE -- Personal Communication",
	author = {Richard B. Ertel and Paulo Cardieri and Kevin W. Sowerby and Theodore S. Rappaport and Jeffrey H. Reed},
	url = {\url{http://ieeexplore.ieee.org/stamp/stamp.jsp?tp=&arnumber=656151}},
	year = {1998},
	volume = "5",
	pages = "10-22",
	issn = "1070-9916"
}

@book{balanis2012antenna,
	title = {Antenna Theory: Analysis and Design},
	author = {Balanis, C.A.},
	isbn = {9781118585733},
	year = {2012},
	publisher = {Wiley}
}

@article{bultitude1998propagation,
	author = "Robert J. C. Bultitude and  Robert F. Hahn and Robert J. Davies",
	title = "Propagation Considerations for the Design of an Indoor Broad-Band Communications System at EHF",
	journal = "IEEE TRANSACTIONS ON VEHICULAR TECHNOLOGY",
	volume = "47",
	no = "1",
	month = "February",
	year = "1998"
}

@misc{delvin2003how,
	title = {{How to Design Low-Cost MM-Wave Equipment}},
	author = {{Liam Devlin}},
	howpublished = {\url{http://www.plextekrfi.com/images/pdfs/How_to_design_lowcost_mmwave.pdf}},
	year = {2003},
	note = {Plextek Ltd}
}

@article{divschemes,
	author = {Neelam Srivastava},
	title = {Diversity Schemes for Wireless Communication - A short review},
	language = {English},
	year = {2010}
}

@article{federal1997millimeter,
	author = "{{Office of Engineering and Technology, New Technology Development Division}}",
	title = "{{Millimeter Wave Propagation: Spectrum Management Implications}}",
	journal = "FEDERAL COMMUNICATIONS COMMISSION",
	bulletin = "70",
	month = "July",
	url = {\url{http://transition.fcc.gov/Bureaus/Engineering_Technology/Documents/bulletins/oet70/oet70a.pdf}},
	year = "1997"
}

@book{goldsmith2005wireless,
	title = {Wireless Communications},
	author = {Goldsmith, A.},
	isbn = {9780521837163},
	year = {2005},
	publisher = {Cambridge University Press}
}

@book{gregory2002rician,
	author = "Gregory D. Durgin",
	title = "Space-Time Wireless Channels",
	publisher = "Prentice Hall",
	url = {\url{http://www.propagation.gatech.edu/ECE4370/notes/Notes_on_Rician_PDFs.pdf}},
	year = "2002"
}

@book{haykin2010communication,
	title = {Communication Systems},
	author = {Haykin, S.S. and Moher, M.},
	isbn = {9780470169964},
	lccn = {2010483731},
	url = {https://books.google.dk/books?id=nQFVPgAACAAJ},
	year = {2010},
	publisher = {Wiley}
}

@article{kumar2011mrc,
	author = {Ravi Kumar},
	title = {Maximal Ratio Combining},
	year = {2011},
	url = {http://www.academia.edu/1826130/MAXIMAL_RATIO_COMBINING},
	month = {July}
}

@book{lathi1998modern,
	title = {Modern Digital and Analog Communication Systems},
	author = {Lathi, B.P.},
	isbn = {9780195110098},
	series = {The Oxford series in electrical and computer engineering},
	year = {1998},
	publisher = {Oxford University Press}
}

@book{liu2009advanced,
	title = {Advanced Millimeter-wave Technologies},
	author = {Dr Duixian Liu and Mr Brian Gaucher and Dr Ulrich Pfeiffer and Dr Janusz Grzyb},
	isbn = {9780470996171},
	year = {2009},
	publisher = {Wiley}
}

@misc{mathworks2014uniform,
	title = {Uniform Distribution (Continuous)},
	author = {MathWorks},
	howpublished = {\url{http://se.mathworks.com/help/stats/uniform-distribution-continuous.html}},
	year = {2014}
}

@misc{salehvalenzuela,
	title = {Saleh-Valenzuela},
	howpublished = {\url{http://channelmodels.eit.lth.se/tiki-index.php?page=Saleh-Valenzuela}},
	author = {Channelmodels}
}

@article{mogensen1993diversity,
	author = {Preben E. Mogensen},
	title = {GSM Base-Station Antenna Diversity Using Soft Decision Combining on Up-link and Delayes-Signal Transmission on Down-link},
	year = {1993}
}

@article{norman2005nakagami,
	author = "Norman C. Beaulieu. Fellow. IEEE. and Christine Cheng",
	title = "Efficient Nakagami-m Fading Channel Simulation",
	journal = "IEEE TRANSACTIONS ON VEHICULAR TECHNOLOGY",
	volume = "54",
	month = "March",
	url = {http://ieeexplore.ieee.org/stamp/stamp.jsp?arnumber=1412063},
	year = "2005"
}

@mastersthesis{olufsenPulsemodulation,
	author = {Bang and Olufsen	},
	title = {Analog Pulse Modulation},
	url = {http://www.icepower.bang-olufsen.com/files/ph.d.thesis/Chapter_2.pdf}
}

@book{parsons2000mobile,
	title = {The Mobile Radio Propagation Channel},
	author = {Parsons, J.D.},
	isbn = {9780471988571},
	lccn = {00032482},
	url = {https://books.google.dk/books?id=jmhlQgAACAAJ},
	year = {2000},
	publisher = {Wiley}
}

@book{proakis2001digital,
	title = {Digital Communications},
	author = {Proakis, J.G.},
	isbn = {9780071181839},
	series = {McGraw-Hill series in electrical and computer engineering : communications and signal processing},
	year = {2001},
	publisher = {McGraw-Hill}
}

@article{rappaport2013broadband,
	author = "Theodore S. Rappaport and Felix Gutierrez and Eshar Ben-Dor and James N. Murdock and
Yijun Qiao and Jonathan I. Tamir",
	title = "Broadband Millimeter-Wave Propagation Measurements and Models Using Adaptive-Beam Antennas for Outdoor Urban Cellular Communications",
	journal = "IEEE TRANSACTIONS ON ANTENNAS AND PROPAGATION",
	bulletin = "61",
	no = "4",
	month = "April",
	url = {\url{http://transition.fcc.gov/Bureaus/Engineering_Technology/Documents/bulletins/oet70/oet70a.pdf}},
	year = "2013"
}

@book{saunders2007antenna,
	author = {Simon R. Saunders and Alejandro Aragon-Zavala},
	title = {ANTENNAS AND PROPAGATION WIRELESS COMMUNICATION SYSTEMS},
	publisher = {John Wiley and Sons},
	year = {2007},
	volume = {2},
	number = {ISBN 978-0-470-84879-1}
}

@article{sklar1997rayleigh,
	author = "Bernard Sklar",
	title = "Rayleigh Fading Channels in Mobile Digital Communication Systems Part I: Characterization",
	journal = "IEEE Communications Magazine",
	volume = "1",
	month = "July",
	url = {\url{www.cs.jhu.edu/~cs647/class-papers/rayleigh-fading.pdf}},
	year = "1997"
}

@misc{skyworks,
	howpublished = {\url{http://www.skyworksinc.com/}},
	title = {{Diode-Schottky: SMS7630 Series: SMS7630-061}},
	author = {{Skyworks Solutions, Inc.}}
}

@article{talbi1996experemental,
	author = "Larbi Talbi and Gilles Y. Delisle",
	title = "Experimental Characterization of EHF Multipath Indoor Radio Channels",
	journal = "IEEE JOURNAL ON SELECTED AREAS IN COMMUNICATIONS",
	volume = "14",
	no = "3",
	month = "April",
	year = "1996"
}

@misc{wolfram2015uniform,
	title = {Uniform Distribution},
	author = {Eric Weisstein at Wolfram Research },
	howpublished = {\url{http://mathworld.wolfram.com/UniformDistribution.html}},
	month = {February},
	year = {2015}
}

@article{diveristyneelam8vol,
	author = "NEELAM SRIVASTAVA",
	title = "DIVERSITY SCHEMES FOR WIRELESS COMMUNICATION - A SHORT REVIEW",
	journal = "Journal of Theoretical and Applied Information Technology, Islamabad PAKISTAN",
	volume = "15",
	month = "May",
	year = "2010"
}

@ARTICLE{ieeeDefs, 
journal={IEEE Std 145-1993}, 
title={IEEE Standard Definitions of Terms for Antennas}, 
year={2013}, 
month={April}, 
pages={1-32}, 
keywords={Antennas;IEEE standards;Terminology;antennas;definitions;propagation;terminology}, 
doi={10.1109/IEEESTD.2013.6507364},}

@article{diveristyrec,
	author = "Raviraj Adve",
	title = "Receive Diversity",
	url = {\url{http://www.comm.utoronto.ca/~rsadve/Notes/DiversityReceive.pdf}},
}

@misc{patrick,
	author = "Patrick Eggers",
title = "MM5: Diversity",
	howpublished = {\url{http://kom.aau.dk/~pe/education/menu/8sem/WSP\_15\_MM5\%20\%5BCompatibility\%20Mode\%5D.pdf}},
}


@book{Rappbook,
	author = {Theodore S. Rappaport},
	title = {Wireless Communications: Principles and Practice (2nd edition)},
	year = {2002},
}

@misc{wirelesschaneel,
	title = {The wireless channel},
	howpublished = {\url{http://www.ifp.illinois.edu/~pramodv/Chapters_PDF/Fundamentals_Wireless_Communication_chapter2.pdf}},
	author = {Pramod Viswanath}
}

@article{fadbasic,
	title = {FADING BASICS - Narrow Band, Wide Band, and Spatial Channels},
	url = {\url{http://www.spirent.com/~/media/White%20Papers/Mobile/Fading%20basics.pdf}},
}

@article{Roh2014,
   author = {Roh, Wonil and Roh, Ji-Yun and Seol, Jeongho and Park, Byunghwan and Lee, Jaekon and Lee, Yungsoo and Kim, Jaeweon and Cho, Kyungwhoon and Cheun, Farshid},
   title = {Millimeter-wave beamforming as an enabling technology for 5G cellular communications: theoretical feasibility and prototype results},
   language = {English},
   year = {2014},
   issn = {0163-6804},
   volume = {52},
   pages = {106--113},
}

@article{mmwfcc,
   author = {FEDERAL COMMUNICATIONS COMMISSION},
   title = {Millimeter Wave Propagation: Spectrum Management Implications},
   language = {English},
   year = {1997},
}

@misc{springer,
	author = "Springer",
    title = "Millimeter-Wave Wireless Communication",
	howpublished = {\url{http://www.springer.com/cda/content/document/cda_downloaddocument/9789400706613-c2.pdf}},
}

@article{IC1004Channle,
   author = {EURO-COST IC1004},
   title = {Channel Models and Beamforming at Millimeter-Wave Frequency Bands},
   language = {English},
   year = {2014},
}

@article{SamsungPaper,
   author = {Sana Salous and Vittorio Degliesposti and Maziar Nekovee and Sooyoung Hur},
   title = {Review of Millimeter-wave Propagation Characterization and Modelling Towards 5G Systems},
   language = {English},
   year = {2014},
}
@article{Andersen2000,
   author = {Andersen, J. B.},
   title = {Array gain and capacity for known random channels with multiple element arrays at both ends},
   language = {English},
   year = {2000},
   issn = {0733-8716},
   volume = {18},
   pages = {2172,2173,2174,2175,2176,2177,2178},
}
